@article{foerster2017,
  title={Retail financial advice: does one size fit all?},
  author={Foerster, Stephen and Linnainmaa, Juhani T and Melzer, Brian T and Previtero, Alessandro},
  journal={The Journal of Finance},
  volume={72},
  number={4},
  pages={1441--1482},
  year={2017}
}

@inproceedings{lather2020,
  title={Prediction of employee performance using machine learning techniques},
  author={Lather, A. S. and others},
  booktitle={Proceedings of the 1st International Conference on Advanced Information Science and System (AISS '19)},
  pages={1--6},
  year={2020},
  organization={Association for Computing Machinery}
}

@article{uppal2024,
  title={Machine learning-based approaches for enhancing human resource management using automated employee performance prediction systems},
  author={Uppal, A. and Awasthi, Y. and Srivastava, A.},
  journal={International Journal of Organizational Analysis},
  year={2024},
  note={https://www.emerald.com/insight/content/doi/10.1108/IJOA-07-2024-4643/full/html}
}

@article{choi2024,
  title={Network-based exploratory data analysis and explainable three-stage deep clustering for financial customer profiling},
  author={Choi, I. and Koh, W. and Koo, B. and Kim, W. C.},
  journal={Engineering Applications of Artificial Intelligence},
  volume={128},
  pages={107378},
  year={2024}
}

@book{knapp2007,
  title={The Supernova Advisor: Crossing the Invisible Bridge to Exceptional Client Service and Consistent Growth},
  author={Knapp, R.},
  year={2007},
  publisher={}
}

@misc{ancord2024,
  title={Dados do mercado de assessoria financeira},
  author={{ANCORD}},
  year={2024}
}